@article{SPS_paper,
  title={Single-pass Parallel Prefix Scan with Decoupled Look-backs},
  author={Duane Merrill and Michael Garland},
  url={https://research.nvidia.com/sites/default/files/pubs/2016-03_Single-pass-Parallel-Prefix/nvr-2016-002.pdf},
  year={2016},
}